@article{shannon2001mathematical,
  title={A mathematical theory of communication},
  author={Shannon, Claude Elwood},
  journal={ACM SIGMOBILE Mobile Computing and Communications Review},
  volume={5},
  number={1},
  pages={3--55},
  year={2001},
  publisher={ACM}
},

@article{kaufmanpj,
  title={PJ (1990) Finding groups in data: An introduction to cluster analysis},
  author={Kaufman, L Rousseeuw and Rousseeuw, P},
  journal={Hoboken NJ John Wiley \& Sons Inc}
},

@Manual{cluster,
    title = {cluster: Cluster Analysis Basics and Extensions},
    author = {Martin Maechler and Peter Rousseeuw and Anja Struyf and
      Mia Hubert and Kurt Hornik},
    year = {2015},
    note = {R package version 2.0.3 --- For new features, see the
      'Changelog' file (in the package source)},
},

@Manual{tm,
    title = {tm: Text Mining Package},
    author = {Ingo Feinerer and Kurt Hornik},
    year = {2015},
    note = {R package version 0.6-2},
    url = {http://CRAN.R-project.org/package=tm},
},

@Manual{entropy,
	title = {Entropy},
	author = {Jean Hausser and Korbinian Strimmer.}, 
	note = {R package version 1.2.1}
	year = {2009}. 
	url = {https://cran.r-project.org/web/packages/entropy/index.html}
},

@Manual{xml2,
    title = {xml2: Parse XML},
    author = {Hadley Wickham},
    year = {2015},
    note = {R package version 0.1.2},
    url = {http://CRAN.R-project.org/package=xml2},
}
